<record><leader>00000cas a22000007a 4500</leader><controlfield tag="001">9421054</controlfield><controlfield tag="008">830418d19731996wauwr ne      0   a0eng d</controlfield><datafield ind1=" " ind2=" " tag="010"><subfield code="a">sn 83007469 </subfield></datafield><datafield ind1=" " ind2=" " tag="040"><subfield code="a">NSD</subfield><subfield code="b">eng</subfield><subfield code="c">NSD</subfield><subfield code="d">OCL</subfield><subfield code="d">SLZ</subfield><subfield code="d">WAU</subfield><subfield code="d">NSD</subfield><subfield code="d">OCLCQ</subfield><subfield code="d">WAU</subfield><subfield code="d">OCLCQ</subfield><subfield code="d">OCLCF</subfield></datafield><datafield ind1=" " ind2=" " tag="012"><subfield code="j">0</subfield><subfield code="m">d</subfield></datafield><datafield ind1="1" ind2=" " tag="022"><subfield code="a">0745-7383</subfield><subfield code="l">0745-7383</subfield><subfield code="2">1</subfield></datafield><datafield ind1="1" ind2=" " tag="029"><subfield code="a">AU@</subfield><subfield code="b">000020263976</subfield></datafield><datafield ind1=" " ind2=" " tag="037"><subfield code="b">Montesano Vidette, Inc., 109 Marcy West, P.O. Box 671, Montesano, WA 98563</subfield></datafield><datafield ind1=" " ind2=" " tag="042"><subfield code="a">nsdp</subfield></datafield><datafield ind1=" " ind2=" " tag="043"><subfield code="a">n-us-wa</subfield></datafield><datafield ind1=" " ind2="4" tag="222"><subfield code="a">The Montesano Grays Harbor County vidette</subfield></datafield><datafield ind1="0" ind2="4" tag="245"><subfield code="a">The Montesano Grays Harbor County vidette.</subfield></datafield><datafield ind1="3" ind2="0" tag="246"><subfield code="a">Vidette</subfield></datafield><datafield ind1="1" ind2="3" tag="246"><subfield code="a">Montesano-Grays Harbor County vidette</subfield></datafield><datafield ind1=" " ind2=" " tag="260"><subfield code="a">[Montesano, Wa. :</subfield><subfield code="b">Montesano Vidette,</subfield></datafield><datafield ind1=" " ind2=" " tag="310"><subfield code="a">Weekly</subfield></datafield><datafield ind1="0" ind2=" " tag="362"><subfield code="a">Vol. 91, no. 14 (Apr. 5, 1973)-v. 114, no. 5 (Feb. 1, 1996).</subfield></datafield><datafield ind1=" " ind2="0" tag="651"><subfield code="a">Montesano (Wash.)</subfield><subfield code="v">Newspapers.</subfield></datafield><datafield ind1=" " ind2="0" tag="651"><subfield code="a">Hoquiam (Wash.)</subfield><subfield code="v">Newspapers.</subfield></datafield><datafield ind1=" " ind2="0" tag="651"><subfield code="a">Grays Harbor County (Wash.)</subfield><subfield code="v">Newspapers.</subfield></datafield><datafield ind1=" " ind2="7" tag="655"><subfield code="a">Newspapers.</subfield><subfield code="2">fast</subfield><subfield code="0">(OCoLC)fst01423814</subfield></datafield><datafield ind1=" " ind2="7" tag="651"><subfield code="a">Washington (State)</subfield><subfield code="z">Grays Harbor County.</subfield><subfield code="2">fast</subfield><subfield code="0">(OCoLC)fst01212279</subfield></datafield><datafield ind1=" " ind2="7" tag="651"><subfield code="a">Washington (State)</subfield><subfield code="z">Hoquiam.</subfield><subfield code="2">fast</subfield><subfield code="0">(OCoLC)fst01218048</subfield></datafield><datafield ind1=" " ind2="7" tag="651"><subfield code="a">Washington (State)</subfield><subfield code="z">Montesano.</subfield><subfield code="2">fast</subfield><subfield code="0">(OCoLC)fst01227411</subfield></datafield><datafield ind1=" " ind2=" " tag="752"><subfield code="a">United States</subfield><subfield code="b">Washington</subfield><subfield code="c">Grays Harbor</subfield><subfield code="d">Montesano.</subfield></datafield><datafield ind1=" " ind2=" " tag="752"><subfield code="a">United States</subfield><subfield code="b">Washington</subfield><subfield code="c">Grays Harbor</subfield><subfield code="d">Hoquiam.</subfield></datafield><datafield ind1="0" ind2="0" tag="780"><subfield code="t">Montesano vidette</subfield><subfield code="w">(DLC)sn 86071971</subfield><subfield code="w">(OCoLC)14284130</subfield></datafield><datafield ind1="0" ind2="0" tag="785"><subfield code="t">Montesano vidette (1996)</subfield><subfield code="w">(OCoLC)41441618</subfield></datafield></record>